&&example bib item
@online{robo4you,
  year = {2019},
  title = {robo4you Website},
  url = {https://robo4you.at},
}

@book{Hope_Learning_TensorFlow,
    author      =   {Tom Hope, Yehezkel S. Resheff, Itay Lieder},
    title       =   {Learning TensorFlow},
    publisher   =   {O'Reilly},
    year        =   {2017}
}
